@phdthesis{ukoloff,
	title={Разработка алгоритмов оптимальной маршрутизации инструмента для САПР управляющих программ машин листовой резки с ЧПУ: диссертация на соискание ученой степени кандидата технических наук: 05.13. 12},
	author={Уколов, Станислав Сергеевич},
	year={2021},
	school={б. и.}
}

@article{qualification,
	title={Квалификационный справочник должностей руководителей, специалистов и других служащих},
	author={Костин, Л.А.},
	journal={М: ЮРИТИ-ДАНА},
	year={2014}
}

@article{gantt,
	title={Графики Ганта. Учёт и планирование работы. 5-е издание},
	author={Кларк, У},
	journal={Москва:{\guillemotleft}Техника управления},
	year={1931}
}

@article{murray1996encyclopedia,
	title={Encyclopedia of graphics file formats},
	author={Murray, James D and VanRyper, William},
	journal={Sebastopol: O'Reilly},
	year={1996}
}
