

@Book{ukoloff,
	author =		 {Уколов С.С.},
	title = 		 {Разработка алгоритмов оптимальной маршрутизации инструмента для САПР управляющих программ машин листовой резки с ЧПУ},
	publisher = 	 {Уральский федеральный университет имени первого Президента России Б.Н. Ельцина},
	year = 		 {Екатеринбург: 2021},
	pages = 135
	language =     "russian"
}

@Book{qualification,
	author =		 {Минтруда России},
	title = 		 {Квалификационный справочник должностей руководителей, специалистов и других служащих},
	publisher = 	 {Минтруд РФ, М., 2002.},
	year = 		 {20.06.2002},
	pages = 293
	language =     "russian"
}
